@article{uniprot,
  author = {The UniProt Consortium},
  title = {UniProt: a worldwide hub of protein knowledge},
  journal = {Nucleic Acids Research},
  year = {2019},
  volume = {47},
  number = {D1},
  pages = {D506--D515},
  doi = {10.1093/nar/gky1049}
}

@article{psiblast,
  author = {Altschul, Stephen F. and Madden, Thomas L. and Sch\"{a}ffer, Alejandro A. et al.},
  title = {Gapped BLAST and PSI-BLAST: a new generation of protein database search programs},
  journal = {Nucleic Acids Research},
  year = {1997},
  volume = {25},
  number = {17},
  pages = {3389--3402}
}

@article{hmmer,
  author = {Eddy, Sean R.},
  title = {Profile hidden Markov models},
  journal = {Bioinformatics},
  year = {1998},
  volume = {14},
  number = {9},
  pages = {755--763}
}

@manual{blast,
  title = {BLAST+ command line applications user manual},
  author = {Camacho, Christiam and Coulouris, George and et al.},
  year = {2009},
  note = {\url{https://blast.ncbi.nlm.nih.gov/Blast.cgi}}
}

@article{ete_toolkit,
  author = {Huerta-Cepas, Jaime and Serra, Francisco and Bork, Peer},
  title = {ETE 3: Reconstruction, Analysis, and Visualization of Phylogenomic Data},
  journal = {Molecular Biology and Evolution},
  year = {2016},
  volume = {33},
  number = {6},
  pages = {1635--1638}
}

@article{jalview,
  author = {Waterhouse, Andrew M. and Procter, James B. and et al.},
  title = {JalView Version 2--a multiple sequence alignment editor and analysis workbench},
  journal = {Bioinformatics},
  year = {2009},
  volume = {25},
  number = {9},
  pages = {1189--1191}
}

@misc{uniprot_api,
  author = {The UniProt Consortium},
  title = {UniProtKB API Documentation},
  howpublished = {\url{https://www.uniprot.org/api-documentation/uniprotkb}},
  year = {2025}
}

@misc{newick_format,
  author = {Cardona, Gabriel and Rossell\'{o}, Francesc and Valiente, Gabriel},
  title = {A Perl module for phylogenetic trees in the Newick format},
  year = {2008},
  howpublished = {\url{https://evolution.genetics.washington.edu/phylip/newicktree.html}}
}

@article{pfam,
  author = {Mistry, Jaina and Chuguransky, Sandra and et al.},
  title = {Pfam: The protein families database in 2021},
  journal = {Nucleic Acids Research},
  year = {2021},
  volume = {49},
  number = {D1},
  pages = {D412--D419},
  doi = {10.1093/nar/gkaa913}
}

@article{domain_structure,
  author = {Ponting, Chris P. and Russell, Robert B.},
  title = {The Natural History of Protein Domains},
  journal = {Annual Review of Biophysics and Biomolecular Structure},
  year = {2002},
  volume = {31},
  pages = {45--71}
}

@manual{ncbi-blast,
  title = {BLAST+ command line applications user manual},
  author = {Camacho, Christiam and Coulouris, George and et al.},
  year = {2009},
  note = {\url{https://blast.ncbi.nlm.nih.gov/Blast.cgi}}
}

@article{interpro,
  author = {Blum, Marc and Chang, Hsin-Yu and et al.},
  title = {The InterPro protein families and domains database: 20 years on},
  journal = {Nucleic Acids Research},
  year = {2021},
  volume = {49},
  number = {D1},
  pages = {D344--D354},
  doi = {10.1093/nar/gkaa977}
}

@misc{fisher_test,
  author = {Fisher, Ronald A.},
  title = {Statistical Methods for Research Workers},
  year = {1925},
  publisher = {Oliver and Boyd},
  note = {Fisher's exact test as described in this seminal work is widely used for categorical data analysis.}
}

@article{gene_ontology,
  author = {Ashburner, Michael and Ball, Catherine A. and et al.},
  title = {Gene ontology: tool for the unification of biology},
  journal = {Nature Genetics},
  year = {2000},
  volume = {25},
  pages = {25--29},
  doi = {10.1038/75556}
}

@article{clustalomega,
  author = {Sievers, Fabian and Wilm, Andreas and Dineen, David and Gibson, Toby J. and Karplus, Kevin and Li, Weizhong and Lopez, Rodrigo and McWilliam, Hamish and Remmert, Maximilian and SÃ¶ding, Johannes and Thompson, Julie D. and Higgins, Desmond G.},
  title = {Fast, scalable generation of high-quality protein multiple sequence alignments using Clustal Omega},
  journal = {Molecular Systems Biology},
  year = {2011},
  volume = {7},
  pages = {539},
  doi = {10.1038/msb.2011.75}
}

@misc{wordcloud,
  author = {Andreas Mueller},
  title = {wordcloud: A little word cloud generator in Python},
  howpublished = {\url{https://github.com/amueller/word_cloud}},
  year = {2021},
  note = {Version 1.8.1.2}
}

@article{obo_parser,
  author = {The Gene Ontology Consortium},
  title = {The Gene Ontology Resource: 20 years and still GOing strong},
  journal = {Nucleic Acids Research},
  year = {2019},
  volume = {47},
  number = {D1},
  pages = {D330--D338},
  doi = {10.1093/nar/gky1055}
}

@misc{go_api,
  author = {The Gene Ontology Consortium},
  title = {Gene Ontology API},
  howpublished = {\url{http://api.geneontology.org/api/}},
  year = {2025}
}

@article{mobidb,
  author = {Piovesan, Damiano and Necci, Marco and et al.},
  title = {MobiDB 3.0: More annotations for intrinsic disorder, conformational diversity and interactions in proteins},
  journal = {Nucleic Acids Research},
  year = {2018},
  volume = {46},
  number = {D1},
  pages = {D471--D476},
  doi = {10.1093/nar/gkx1071}
}

@article{elm,
  author = {Dinkel, Holger and Van Roey, Kim and et al.},
  title = {ELM---the eukaryotic linear motif resource in 2016},
  journal = {Nucleic Acids Research},
  year = {2016},
  volume = {44},
  number = {D1},
  pages = {D294--D300},
  doi = {10.1093/nar/gkv1291}
}

@misc{prosite,
  author = {Sigrist, Christian J.A. and de Castro, Edouard and et al.},
  title = {Prosite: A protein domain and functional site database},
  howpublished = {\url{https://prosite.expasy.org/}},
  year = {2025}
}

@misc{stevin_wilson,
  author = {Wilson, Stevin},
  title = {Prosite Patterns To Python Regex},
  howpublished = {\url{https://github.com/stevin-wilson/PrositePatternsToPythonRegex}},
  year = {2025}
}

@article{swissprot,
  author = {The UniProt Consortium},
  title = {UniProt: a worldwide hub of protein knowledge},
  journal = {Nucleic Acids Research},
  year = {2019},
  volume = {47},
  number = {D1},
  pages = {D506--D515},
  doi = {10.1093/nar/gky1049}
}